@article{Ferrante:1987:PDG:24039.24041,
 author = {Ferrante, Jeanne and Ottenstein, Karl J. and Warren, Joe D.},
 title = {The Program Dependence Graph and Its Use in Optimization},
 journal = {ACM Trans. Program. Lang. Syst.},
 issue_date = {July 1987},
 volume = {9},
 number = {3},
 month = jul,
 year = {1987},
 issn = {0164-0925},
 pages = {319--349},
 numpages = {31},
 url = {http://doi.acm.org/10.1145/24039.24041},
 doi = {10.1145/24039.24041},
 acmid = {24041},
 publisher = {ACM},
 address = {New York, NY, USA},
} 

@article{hammer09ijis,
  title = {Flow-Sensitive, Context-Sensitive, and Object-sensitive Information
 Flow Control Based on Program Dependence Graphs},
  year = {2009},
  month = dec,
  publisher = {Springer},
  volume = {8},
  number = {6},
  pages = {399--422},
  journal = {International Journal of Information Security},
  author = {Christian Hammer and Gregor Snelting},
  doi = {10.1007/s10207-009-0086-1},
}

@Inbook{Brandes2002,
author="Brandes, Ulrik
and Eiglsperger, Markus
and Herman, Ivan
and Himsolt, Michael
and Marshall, M. Scott",
editor="Mutzel, Petra
and J{\"u}nger, Michael
and Leipert, Sebastian",
chapter="GraphML Progress Report Structural Layer Proposal",
title="Graph Drawing: 9th International Symposium, GD 2001 Vienna, Austria, September 23--26, 2001 Revised Papers",
year="2002",
publisher="Springer",
address="Berlin, Heidelberg",
pages="501--512",
isbn="978-3-540-45848-7",
doi="10.1007/3-540-45848-4_59",
url="http://dx.doi.org/10.1007/3-540-45848-4_59"
}

@misc{GraphMLSpecs,
  title = {{GraphML Specification}},
  author = {GraphML Working Group},
  howpublished = {\url{http://graphml.graphdrawing.org/specification.html}},
  note = {Aufgerufen am 2016-05-21}
}
